<mx:record xmlns="http://www.w3.org/TR/xhtml1/strict" xmlns:mx="http://www.loc.gov/MARC21/slim" xmlns:xsi="http://www.w3.org/2001/XMLSchema-instance"><mx:leader>00000cz   2200000n  4500</mx:leader><mx:controlfield tag="001">oca01004042 </mx:controlfield><mx:controlfield tag="005">20040511033144.0</mx:controlfield><mx:controlfield tag="008">830908n| acannaabn          |a aaa      </mx:controlfield><mx:datafield ind1=" " ind2=" " tag="010"><mx:subfield code="a">n  83188002 </mx:subfield></mx:datafield><mx:datafield ind1=" " ind2=" " tag="040"><mx:subfield code="a">DLC</mx:subfield><mx:subfield code="b">eng</mx:subfield><mx:subfield code="c">DLC</mx:subfield><mx:subfield code="d">DLC</mx:subfield><mx:subfield code="d">CU-S</mx:subfield><mx:subfield code="d">DLC</mx:subfield><mx:subfield code="d">NcU</mx:subfield><mx:subfield code="d">CSt</mx:subfield></mx:datafield><mx:datafield ind1=" " ind2="0" tag="053"><mx:subfield code="a">PA8570.S3</mx:subfield><mx:subfield code="c">(Latin)</mx:subfield></mx:datafield><mx:datafield ind1=" " ind2="0" tag="053"><mx:subfield code="a">PQ4633</mx:subfield><mx:subfield code="c">(Italian)</mx:subfield></mx:datafield><mx:datafield ind1="1" ind2=" " tag="100"><mx:subfield code="a">Sannazaro, Jacopo,</mx:subfield><mx:subfield code="d">1458-1530</mx:subfield></mx:datafield><mx:datafield ind1="1" ind2=" " tag="400"><mx:subfield code="a">Sannazarius, Jacobus,</mx:subfield><mx:subfield code="d">1458-1530</mx:subfield></mx:datafield><mx:datafield ind1="1" ind2=" " tag="400"><mx:subfield code="a">Sannazarius, Iacobus,</mx:subfield><mx:subfield code="d">1458-1530</mx:subfield></mx:datafield><mx:datafield ind1="1" ind2=" " tag="400"><mx:subfield code="a">Sannazarius, Actius Syncerus,</mx:subfield><mx:subfield code="d">1458-1530</mx:subfield></mx:datafield><mx:datafield ind1="1" ind2=" " tag="400"><mx:subfield code="a">Sannazaro, Iacopo,</mx:subfield><mx:subfield code="d">1458-1530</mx:subfield></mx:datafield><mx:datafield ind1="1" ind2=" " tag="400"><mx:subfield code="a">Sannazar, Dzhakobo,</mx:subfield><mx:subfield code="d">1458-1530</mx:subfield></mx:datafield><mx:datafield ind1="1" ind2=" " tag="400"><mx:subfield code="a">Sannazaro, Iacobo,</mx:subfield><mx:subfield code="d">1458-1530</mx:subfield></mx:datafield><mx:datafield ind1="1" ind2=" " tag="400"><mx:subfield code="a">Sannazarius, Actius Sincerus,</mx:subfield><mx:subfield code="d">1458-1530</mx:subfield></mx:datafield><mx:datafield ind1="1" ind2=" " tag="400"><mx:subfield code="a">Sannazzaro, Jacopo,</mx:subfield><mx:subfield code="d">1458-1530</mx:subfield></mx:datafield><mx:datafield ind1="1" ind2=" " tag="400"><mx:subfield code="a">Sannazzaro, Giacomo,</mx:subfield><mx:subfield code="d">1458-1530</mx:subfield></mx:datafield><mx:datafield ind1="1" ind2=" " tag="400"><mx:subfield code="a">Sannazar, Jacques,</mx:subfield><mx:subfield code="d">1458-1530</mx:subfield></mx:datafield><mx:datafield ind1=" " ind2=" " tag="670"><mx:subfield code="a">Kennedy, W.J. Jacopo Sannazaro and the uses of pastoral, 1983:</mx:subfield><mx:subfield code="b">CIP t.p. (Jacopo Sannazaro)</mx:subfield></mx:datafield><mx:datafield ind1=" " ind2=" " tag="670"><mx:subfield code="a">LC data base, 9/7/83</mx:subfield><mx:subfield code="b">(hdg.: Sannazaro, Jacopo, 1458-1530)</mx:subfield></mx:datafield><mx:datafield ind1=" " ind2=" " tag="670"><mx:subfield code="a">His Iacobi Sannazarij Opera omnia, 1536:</mx:subfield><mx:subfield code="b">t.p. (Iacobi Sanazarij ...) p. 3 (Actij Synceri Sannazarij Neapolitani, uiri patricij ...)</mx:subfield></mx:datafield><mx:datafield ind1=" " ind2=" " tag="670"><mx:subfield code="a">Vecce, C. Iacopo Sannazaro in Francia, 1988:</mx:subfield><mx:subfield code="b">p. 35 (1457-1530)</mx:subfield></mx:datafield><mx:datafield ind1=" " ind2=" " tag="670"><mx:subfield code="a">Dzhakobo Sannazar, 1834.</mx:subfield></mx:datafield><mx:datafield ind1=" " ind2=" " tag="670"><mx:subfield code="a">His Rime di M. Iacobo Sannazaro gentilhuomo napolitano, 1530</mx:subfield></mx:datafield><mx:datafield ind1=" " ind2=" " tag="670"><mx:subfield code="a">His Actii Sinceri Sannazarii, patricii Neapolitani, Opera, Latine scripta, ex secundis curis Jani Broukhusii, 1728:</mx:subfield><mx:subfield code="b">t.p. (Actii Sinceri Sannazarii)</mx:subfield></mx:datafield><mx:datafield ind1=" " ind2=" " tag="670"><mx:subfield code="a">Il parto della Vergine, 1862:</mx:subfield><mx:subfield code="b">t.p. (Jacopo Sannazzaro)</mx:subfield></mx:datafield><mx:datafield ind1=" " ind2=" " tag="670"><mx:subfield code="a">NUC pre-56</mx:subfield><mx:subfield code="b">(hdg.: Sannazaro, Jacopo, 1458-1530; x-ref from: Sannazzaro, Giacomo)</mx:subfield></mx:datafield><mx:datafield ind1=" " ind2=" " tag="670"><mx:subfield code="a">Grande diz. encic. UTET</mx:subfield><mx:subfield code="b">(Sannazzaro, Jacopo, 1457 [sic]-1530)</mx:subfield></mx:datafield><mx:datafield ind1=" " ind2=" " tag="670"><mx:subfield code="a">L'Arcadie, 2003:</mx:subfield><mx:subfield code="b">t.p. (Jacques Sannazar)</mx:subfield></mx:datafield><mx:datafield ind1=" " ind2=" " tag="999"><mx:subfield code="a">368</mx:subfield></mx:datafield></mx:record>